%% Created by Gaurav Sood for Face of Crime
%% Saved with string encoding Unicode (UTF-8) 


@article{armstrong1992tv,
  title={TV entertainment, news, and racial perceptions of college students},
  author={Armstrong, G Blake and Neuendorf, Kimberly A},
  journal={Journal of Communication},
  volume={42},
  number={3},
  pages={153--176},
  year={1992},
  publisher={Wiley Online Library}
}

@article{barlow1995economic,
  title={Economic conditions and ideologies of crime in the media: A content analysis of crime news},
  author={Barlow, Melissa Hickman and Barlow, David E and Chiricos, Theodore G},
  journal={Crime \& Delinquency},
  volume={41},
  number={1},
  pages={3--19},
  year={1995},
  publisher={Sage Publications}
}

@article{bertrand2004emily,
  title={Are Emily and Greg more employable than Lakisha and Jamal? A field experiment on labor market discrimination},
  author={Bertrand, Marianne and Mullainathan, Sendhil},
  journal={The American Economic Review},
  volume={94},
  number={4},
  pages={991--1013},
  year={2004},
  publisher={American Economic Association}
}

@article{bjornstrom2010race,
  title={Race and ethnic representations of lawbreakers and victims in crime news: A national study of television coverage},
  author={Bjornstrom, Eileen ES and Kaufman, Robert L and Peterson, Ruth D and Slater, Michael D},
  journal={Social problems},
  volume={57},
  number={2},
  pages={269--293},
  year={2010},
  publisher={The Oxford University Press}
}

@article{bullock2001media,
  title={Media images of the poor},
  author={Bullock, Heather E and Fraser Wyche, Karen and Williams, Wendy R},
  journal={Journal of Social Issues},
  volume={57},
  number={2},
  pages={229--246},
  year={2001},
  publisher={Wiley Online Library}
}

@article{busselle2002television,
  title={Television viewing and perceptions about race differences in socioeconomic success},
  author={Busselle, Rick and Crandall, Heather},
  journal={Journal of Broadcasting \& Electronic Media},
  volume={46},
  number={2},
  pages={265--282},
  year={2002},
  publisher={Taylor \& Francis}
}

@article{chiricos2002racial,
  title={The racial and ethnic typification of crime and the criminal typification of race and ethnicity in local television news},
  author={Chiricos, Ted and Eschholz, Sarah},
  journal={Journal of Research in Crime and Delinquency},
  volume={39},
  number={4},
  pages={400--420},
  year={2002},
  publisher={Sage Publications}
}

@article{dixon2000overrepresentation,
  title={Overrepresentation and underrepresentation of African Americans and Latinos as lawbreakers on television news},
  author={Dixon, Travis Lemar and Linz, Daniel},
  journal={Journal of communication},
  volume={50},
  number={2},
  pages={131--154},
  year={2000},
  publisher={Wiley Online Library}
}

@article{dixon2003portrayal,
  title={The portrayal of race and crime on television network news},
  author={Dixon, Travis L and Azocar, Cristina L and Casas, Michael},
  journal={Journal of Broadcasting \& Electronic Media},
  volume={47},
  number={4},
  pages={498--523},
  year={2003},
  publisher={Taylor \& Francis}
}

@article{dixon2006psychological,
  title={Psychological reactions to crime news portrayals of Black criminals: Understanding the moderating roles of prior news viewing and stereotype endorsement},
  author={Dixon, Travis L},
  journal={Communication Monographs},
  volume={73},
  number={2},
  pages={162--187},
  year={2006},
  publisher={Taylor \& Francis}
}

@article{dixon2008network,
  title={Network news and racial beliefs: Exploring the connection between national television news exposure and stereotypical perceptions of African Americans},
  author={Dixon, Travis L},
  journal={Journal of Communication},
  volume={58},
  number={2},
  pages={321--337},
  year={2008},
  publisher={Wiley Online Library}
}

@article{entman1990modern,
  title={Modern racism and the images of blacks in local television news},
  author={Entman, Robert M},
  journal={Critical studies in media communication},
  volume={7},
  number={4},
  pages={332--345},
  year={1990},
  publisher={Taylor \& Francis}
}

@article{entman1994representation,
  title={Representation and reality in the portrayal of blacks on network television news},
  author={Entman, Robert M},
  journal={Journalism \& Mass Communication Quarterly},
  volume={71},
  number={3},
  pages={509--520},
  year={1994},
  publisher={SAGE Publications}
}

@book{entman2001black,
  title={The black image in the white mind: Media and race in America},
  author={Entman, Robert M and Rojecki, Andrew},
  year={2001},
  publisher={Wiley Online Library}
}

@incollection{leadbleed2011,
  author      = "Vinod Agarwal and Susan Hughes and Janet Molinaro and Ayush Toolsidass and Chris Colburn and Elizabeth Janik and Ken Plum and Shara Weber and Vicky Curtis and Feng Lian and Jim Sylvester and Gilbert Yochum and Steve Daniel and Sharon Lomax",
  title       = "If It Bleeds, Does It Still Lead? Local Television Evening News in Hampton Roads",
  booktitle   = "The State of the Region",
  publisher   = "Old Dominion University",
  year        = 2011,
  pages       = "131--150",
  howpublished = "\url{https://www.odu.edu/content/dam/odu/offices/economic-forecasting-project/docs/2011_sor_news.pdf}"
}

@article{entman2008race,
  title={Race to judgment: Stereotyping media and criminal defendants},
  author={Entman, Robert M and Gross, Kimberly A},
  journal={Law and Contemporary Problems},
  volume={71},
  number={4},
  pages={93--133},
  year={2008},
  publisher={JSTOR}
}

@article{eschholz2002race,
  title={Race and attitudes toward the police: Assessing the effects of watching ``reality'' police programs},
  author={Eschholz, Sarah and Blackwell, Brenda Sims and Gertz, Marc and Chiricos, Ted},
  journal={Journal of criminal justice},
  volume={30},
  number={4},
  pages={327--341},
  year={2002},
  publisher={Elsevier}
}

@article{eschholz2004images,
  title={Images of prime time justice: a content analysis of ``NYPD Blue'' and ``Law \& Order''},
  author={Eschholz, Sarah and Mallard, Matthew and Flynn, Stacey},
  journal={Journal of Criminal Justice and Popular Culture},
  volume={10},
  number={3},
  pages={161--180},
  year={2004},
  publisher={Citeseer}
}

@article{gerbner1976living,
  title={Living with television: The violence profile},
  author={Gerbner, George and Gross, Larry},
  journal={Journal of communication},
  volume={26},
  number={2},
  pages={172--194},
  year={1976},
  publisher={Wiley Online Library}
}

@article{gerbner1980television,
  title={Television violence, victimization, and power},
  author={Gerbner, George and Gross, Larry and Signorielli, Nancy and Morgan, Michael},
  journal={The American Behavioral Scientist},
  volume={23},
  number={5},
  pages={705},
  year={1980},
  publisher={A. De Grazia.}
}

@article{gerbner1980mainstreaming,
  title={The “mainstreaming” of America: Violence profile no. 11},
  author={Gerbner, George and Gross, Larry and Morgan, Michael and Signorielli, Nancy},
  journal={Journal of communication},
  volume={30},
  number={3},
  pages={10--29},
  year={1980},
  publisher={Wiley Online Library}
}

@article{gerbner1986living,
  title={Living with television: The dynamics of the cultivation process},
  author={Gerbner, George and Gross, Larry and Morgan, Michael and Signorielli, Nancy},
  journal={Perspectives on media effects},
  pages={17--40},
  year={1986}
}

@article{gerbner2002growing,
  title={Growing up with television: Cultivation processes},
  author={Gerbner, George and Gross, Larry and Morgan, Michael and Signorielli, Nancy and Shanahan, James},
  journal={Media effects: Advances in theory and research},
  volume={2},
  pages={43--67},
  year={2002}
}

@article{gilens1996race,
  title={Race and poverty in America public misperceptions and the American news media},
  author={Gilens, Martin},
  journal={Public Opinion Quarterly},
  volume={60},
  number={4},
  pages={515--541},
  year={1996},
  publisher={AAPOR}
}

@article{gilliam1996crime,
  title={Crime in Black and White The Violent, Scary World of Local News},
  author={Gilliam, Franklin D and Iyengar, Shanto and Simon, Adam and Wright, Oliver},
  journal={The Harvard International Journal of Press/Politics},
  volume={1},
  number={3},
  pages={6--23},
  year={1996},
  publisher={SAGE Publications}
}

@article{gilliam2000prime,
  title={Prime suspects: The influence of local television news on the viewing public},
  author={Gilliam Jr, Franklin D and Iyengar, Shanto},
  journal={American Journal of Political Science},
  pages={560--573},
  year={2000},
  publisher={JSTOR}
}

@article{gilliam2002you,
  title={Where you live and what you watch: The impact of racial proximity and local television news on attitudes about race and crime},
  author={Gilliam, Franklin D and Valentino, Nicholas A and Beckmann, Matthew N},
  journal={Political Research Quarterly},
  volume={55},
  number={4},
  pages={755--780},
  year={2002},
  publisher={Sage Publications}
}

@article{groseclose2005measure,
  title={A measure of media bias},
  author={Groseclose, Tim and Milyo, Jeffrey},
  journal={The Quarterly Journal of Economics},
  pages={1191--1237},
  year={2005},
  publisher={JSTOR}
}

@article{gross2006covering,
  title={Covering crime in Washington, DC: Examining the nature of local television news coverage of crime and its effect on emotional response},
  author={Gross, Kimberly},
  year={2006},
  publisher={Citeseer}
}

@article{hurwitz1997public,
  title={Public perceptions of race and crime: The role of racial stereotypes},
  author={Hurwitz, Jon and Peffley, Mark},
  journal={American journal of political science},
  pages={375--401},
  year={1997},
  publisher={JSTOR}
}

@article{klite1997local,
  title={Local TV News Getting Away with Murder},
  author={Klite, Paul and Bardwell, Robert A and Salzman, Jason},
  journal={The Harvard International Journal of Press/Politics},
  volume={2},
  number={2},
  pages={102--112},
  year={1997},
  publisher={SAGE Publications}
}

@article{lacour2014improving,
  title={Improving media measurement: Evidence from the field},
  author={LaCour, Michael J and Vavreck, Lynn},
  journal={Political Communication},
  volume={31},
  number={3},
  pages={408--420},
  year={2014},
  publisher={Taylor \& Francis}
}

@article{lejins1966uniform,
  title={Uniform crime reports},
  author={Lejins, Peter P},
  journal={Michigan Law Review},
  volume={64},
  number={6},
  pages={1011--1030},
  year={1966},
  publisher={JSTOR}
}

@inproceedings{lundman2003newsworthiness,
  title={The newsworthiness and selection bias in news about murder: Comparative and relative effects of novelty and race and gender typifications on newspaper coverage of homicide},
  author={Lundman, Richard J},
  booktitle={Sociological Forum},
  volume={18},
  number={3},
  pages={357--386},
  year={2003},
  organization={Springer}
}

@article{peffley1997racial,
  title={Racial stereotypes and whites' political views of blacks in the context of welfare and crime},
  author={Peffley, Mark and Hurwitz, Jon and Sniderman, Paul M},
  journal={American Journal of Political Science},
  pages={30--60},
  year={1997},
  publisher={JSTOR}
}

@book{iyengar2010news,
  title={News that matters: Television and American opinion},
  author={Iyengar, Shanto and Kinder, Donald R},
  year={2010},
  publisher={University of Chicago Press}
}

@article{iyengar1990accessibility,
  title={The accessibility bias in politics: Television news and public opinion},
  author={Iyengar, Shanto},
  journal={International Journal of Public Opinion Research},
  volume={2},
  number={1},
  pages={1--15},
  year={1990},
  publisher={WAPOR}
}

@book{iyengar1994anyone,
  title={Is anyone responsible?: How television frames political issues},
  author={Iyengar, Shanto},
  year={1994},
  publisher={University of Chicago Press}
}

@article{katz1933racial,
  title={Racial stereotypes of one hundred college students.},
  author={Katz, Daniel and Braly, Kenneth},
  journal={The Journal of Abnormal and Social Psychology},
  volume={28},
  number={3},
  pages={280},
  year={1933},
  publisher={American Psychological Association}
}

@article{matei2001fear,
  title={Fear and misperception of Los Angeles urban space a spatial-statistical study of communication-shaped mental maps},
  author={Matei, Sorin and Ball-Rokeach, Sandra J and Qiu, Jack Linchuan},
  journal={Communication Research},
  volume={28},
  number={4},
  pages={429--463},
  year={2001},
  publisher={Sage Publications}
}

@techreport{pew2004,
title = {News Audiences Increasingly Polarized: Online News Audience Larger, More Diverse},
author = {{Pew Center for the People and the Press}},
institution = {{Pew Center for the People and the Press}},
year = {2004},
url = "\url{http://www.people-press.org/files/legacy-pdf/215.pdf}"
}

@article{potter1987traits,
  title={Traits of perpetrators and receivers of antisocial and prosocial acts on TV},
  author={Potter, W James and Ware, William},
  journal={Journalism and Mass Communication Quarterly},
  volume={64},
  number={2},
  pages={382},
  year={1987},
  publisher={Association for Education in Journalism, etc.}
}

@article{powers2016national,
  title={National Crime Victimization Survey},
  author={Powers, R{\'a}chael A},
  journal={The Encyclopedia of Crime \& Punishment},
  year={2016},
  publisher={Wiley Online Library}
}

@book{sniderman1995scar,
  title={The scar of race},
  author={Sniderman, Paul M and Piazza, Thomas Leonard},
  year={1995},
  publisher={Harvard University Press}
}

@article{tversky1973availability,
  title={Availability: A heuristic for judging frequency and probability},
  author={Tversky, Amos and Kahneman, Daniel},
  journal={Cognitive psychology},
  volume={5},
  number={2},
  pages={207--232},
  year={1973},
  publisher={Elsevier}
}

@article{victimization1998national,
  title={National Crime Victimization Survey},
  author={Victimization, Criminal},
  journal={Washington, DC: US Dept of justice},
  year={1998}
}

@article{warr1983fear,
  title={Fear of victimization: A look at the proximate causes},
  author={Warr, Mark and Stafford, Mark},
  journal={Social forces},
  volume={61},
  number={4},
  pages={1033--1043},
  year={1983},
  publisher={Oxford University Press}
}